@misc{docs,
  title = {PyTest Documentation: \href{https://docs.pytest.org/en/stable/contents.html}{docs.pytest.org}}
}

@misc{repo,
  title = {PyTest Repository: \href{ https://github.com/pytest-dev/pytest}{pytest-dev/pytest}}
}